<record><leader>00000cas a2200000 a 4500</leader><controlfield tag="001">13474774</controlfield><controlfield tag="008">860422d1uuu1948iluwr ne      0   a0eng c</controlfield><datafield ind1=" " ind2=" " tag="010"><subfield code="a">sn 86063879 </subfield></datafield><datafield ind1=" " ind2=" " tag="040"><subfield code="a">KSH</subfield><subfield code="b">eng</subfield><subfield code="c">KSH</subfield><subfield code="d">NPT</subfield><subfield code="d">NVF</subfield><subfield code="d">CVF</subfield><subfield code="d">NVF</subfield><subfield code="d">OCLCQ</subfield><subfield code="d">OCLCF</subfield><subfield code="d">OCLCO</subfield><subfield code="d">NVF</subfield></datafield><datafield ind1=" " ind2=" " tag="042"><subfield code="a">pcc</subfield></datafield><datafield ind1=" " ind2=" " tag="043"><subfield code="a">n-us-il</subfield></datafield><datafield ind1="0" ind2=" " tag="130"><subfield code="a">Sheffield times (Sheffield, Ill.)</subfield></datafield><datafield ind1="1" ind2="4" tag="245"><subfield code="a">The Sheffield times.</subfield></datafield><datafield ind1=" " ind2=" " tag="260"><subfield code="a">Sheffield, Ill. :</subfield><subfield code="b">Jes M. Davis</subfield></datafield><datafield ind1=" " ind2=" " tag="300"><subfield code="a">volumes</subfield></datafield><datafield ind1=" " ind2=" " tag="310"><subfield code="a">Weekly</subfield></datafield><datafield ind1="1" ind2=" " tag="362"><subfield code="a">Ceased in 1948.</subfield></datafield><datafield ind1=" " ind2=" " tag="515"><subfield code="a">Suspended June-Nov. 1932.</subfield></datafield><datafield ind1=" " ind2=" " tag="580"><subfield code="a">Issued with: Wyanet record, Aug. 5-Sept. 2, 1937.</subfield></datafield><datafield ind1=" " ind2=" " tag="588"><subfield code="a">Description based on: Vol. 17, no. 39 (Aug. 20, 1908).</subfield></datafield><datafield ind1=" " ind2=" " tag="588"><subfield code="a">Latest issued consulted: Aug. 19, 1948.</subfield></datafield><datafield ind1=" " ind2="0" tag="651"><subfield code="a">Sheffield (Ill.)</subfield><subfield code="v">Newspapers.</subfield></datafield><datafield ind1=" " ind2="7" tag="651"><subfield code="a">Illinois</subfield><subfield code="z">Sheffield.</subfield><subfield code="2">fast</subfield><subfield code="0">(OCoLC)fst01228545</subfield></datafield><datafield ind1=" " ind2="7" tag="655"><subfield code="a">Newspapers.</subfield><subfield code="2">fast</subfield><subfield code="0">(OCoLC)fst01423814</subfield></datafield><datafield ind1=" " ind2=" " tag="752"><subfield code="a">United States</subfield><subfield code="b">Illinois</subfield><subfield code="c">Bureau County</subfield><subfield code="d">Sheffield.</subfield></datafield><datafield ind1="1" ind2=" " tag="777"><subfield code="t">Wyanet record</subfield><subfield code="w">(DLC)sn 92053281</subfield><subfield code="w">(OCoLC)26040679</subfield></datafield><datafield ind1="0" ind2="0" tag="785"><subfield code="t">Sheffield and West Bureau County times</subfield></datafield><datafield ind1="1" ind2=" " tag="029"><subfield code="a">AU@</subfield><subfield code="b">000023775418</subfield></datafield></record>